<?xml version="1.0" encoding="UTF-8"?><collection xmlns="http://www.loc.gov/MARC21/slim"><record><leader>00321nam--2200121-i-4500</leader><controlfield tag="001">000022403</controlfield><controlfield tag="002">20161230</controlfield><controlfield tag="005">20161230201034</controlfield><controlfield tag="008">060222s1000------------r-----000-0-eng-d</controlfield><datafield ind1=" " ind2=" " tag="100"><subfield code="a">Hiebert, Erwin N</subfield></datafield><datafield ind1=" " ind2=" " tag="245"><subfield code="a">The impact of atomic energy</subfield></datafield><datafield ind1=" " ind2=" " tag="260"><subfield code="a">Newton, Kansas, Faith And Life Press, 1961, Viii + 302 P</subfield></datafield><datafield ind1=" " ind2=" " tag="852"><subfield code="a">20109</subfield></datafield></record></collection>